@book{Cha90,
  author    = {Chang, Chen Chung and Keisler, H. Jerome},
  title     = {Model Theory},
  publisher = {North-Holland Publishing Co.},
  year      = {1990},
  isbn      = {0-444-88054-2},
  address   = {Amsterdam},
  edition   = {3rd ed.},
  mrclass   = {03cxx (03-01 03c57 03c95 03h05)},
  mrnumber  = {1059055}
}

@book{Ebb21,
  author    = {Ebbinghaus, Heinz-Dieter and Flum, Jörg and Thomas, Wolfgang},
  title     = {Mathematical logic},
  publisher = {Springer},
  year      = {2021},
  series    = {Graduate Texts in Mathematics},
  address   = {Cham},
  edition   = {3rd ed.}
}

@book{Gol17,
  author    = {Goldrei, D.C.},
  title     = {Classic set theory},
  publisher = {CRC Press},
  origdate  = {1996},
  year      = {1998},
  isbn      = {0-412-60610-0},
  edition   = {1st ed.},
  address   = {Boca Raton}
}

@article{Haj72,
  author     = {Hajnal, A. and Kert\'esz, A.},
  title      = {Some new algebraic equivalents of the axiom of choice},
  journal    = {Publ. Math. Debrecen},
  fjournal   = {Publicationes Mathematicae Debrecen},
  volume     = {19},
  year       = {1972},
  pages      = {339--340},
  issn       = {0033-3883,2064-2849},
  mrclass    = {02K20},
  mrnumber   = {329895},
  mrreviewer = {W.\ Hodges},
  doi        = {10.5486/pmd.1972.19.1-4.37},
  url        = {https://doi.org/10.5486/pmd.1972.19.1-4.37}
}

@article{Har15,
  author   = {Hartogs, F.},
  title    = {{\"U}ber das {P}roblem der {W}ohlordnung},
  journal  = {Math. Ann.},
  fjournal = {Mathematische Annalen},
  volume   = {76},
  year     = {1915},
  number   = {4},
  pages    = {438--443},
  issn     = {0025-5831,1432-1807},
  mrclass  = {99-04},
  mrnumber = {1511833},
  doi      = {10.1007/BF01458215},
  url      = {https://doi.org/10.1007/BF01458215}
}

@book{Jec78,
  author    = {Jech, Thomas},
  title     = {Set Theory},
  publisher = {Academic Press},
  year      = {1978},
  isbn      = {0-12-381950-4},
  series    = {Pure and Applied Mathematics},
  address   = {New York}
}

@book{Ker75,
  author    = {Kertész, Andor},
  title     = {Einführung in die transfinite Algebra},
  publisher = {Birkhäuser},
  year      = {1975},
  isbn      = {3-7643-0735-8},
  address   = {Basel}
}

@book{Mar02,
  author    = {Marker, David},
  title     = {Model Theory: an Introduction},
  publisher = {Springer},
  year      = {2002},
  isbn      = {0-387-98760-6},
  series    = {Graduate Texts in Mathematics},
  address   = {New York}
}

@book{Ros82,
  author    = {Rosenstein, Joseph G.},
  title     = {Linear Orderings},
  publisher = {Academic Press},
  year      = {1982},
  isbn      = {0-12-597680-1},
  series    = {Pure and Applied Mathematics},
  address   = {New York}
}

@incollection{Wil24,
  author       = {Hodges, Wilfrid and Väänänen, Jouko},
  title        = {Logic and Games},
  booktitle    = {The {Stanford} Encyclopedia of Philosophy},
  editor       = {Edward N. Zalta and Uri Nodelman},
  url          = {https://plato.stanford.edu/archives/win2024/entries/logic-games/},
  year         = {2024},
  edition      = {{W}inter 2024 ed.},
  publisher    = {Metaphysics Research Lab, Stanford University}
}
